<?xml version="1.0" encoding="UTF-8"?><collection xmlns="http://www.loc.gov/MARC21/slim"><record><leader>00519nam--2200181-u-4500</leader><controlfield tag="001">000055049</controlfield><controlfield tag="002">20161230</controlfield><controlfield tag="005">20170122213942</controlfield><controlfield tag="008">121025s1000------------r-----000-0-fre-d</controlfield><datafield ind1=" " ind2=" " tag="040"><subfield code="a">IFIN-HH</subfield></datafield><datafield ind1=" " ind2=" " tag="041"><subfield code="a">fre</subfield></datafield><datafield ind1=" " ind2=" " tag="080"><subfield code="a">539.2:546.48(043)</subfield></datafield><datafield ind1="1" ind2=" " tag="100"><subfield code="a">Bernard, George</subfield></datafield><datafield ind1="1" ind2="0" tag="245"><subfield code="a">Etude par dilatometrie des defauts lacunaires a l'equilibre thermodynamique dans le cadmium</subfield><subfield code="b">These</subfield><subfield code="c">Bernard George</subfield></datafield><datafield ind1=" " ind2=" " tag="260"><subfield code="a">Nancy</subfield><subfield code="b">Universite</subfield><subfield code="c">1975</subfield></datafield><datafield ind1=" " ind2=" " tag="300"><subfield code="a">165 p</subfield></datafield><datafield ind1=" " ind2=" " tag="852"><subfield code="a">43996</subfield><subfield code="c">539.2</subfield></datafield><datafield ind1=" " ind2=" " tag="CAT"><subfield code="a">SYS</subfield><subfield code="c">20170122</subfield><subfield code="h">213942</subfield></datafield></record></collection>